@article{knuth84,
  author = {Knuth, Donald E.},
  title = {Literate Programming},
  year = {1984},
  issue_date = {May 1984},
  publisher = {Oxford University Press, Inc.},
  address = {USA},
  volume = {27},
  number = {2},
  issn = {0010-4620},
  url = {https://doi.org/10.1093/comjnl/27.2.97},
  doi = {10.1093/comjnl/27.2.97},
  journal = {Comput. J.},
  month = may,
  pages = {97–111},
  numpages = {15}
}

@book{book,
author = {Casanoves, Fernando and Macchiavelli, Raul and Balzarini, Mónica and Di Rienzo, Julio},
year = {2022},
month = {05},
pages = {},
title = {Modelos No Lineales Mixtos. Aplicaciones en InfoStat},
isbn = {978-987-27045-1-3}
}

@book{faraway,
  title={Extending the Linear Model with R: Generalized Linear, Mixed Effects and Nonparametric Regression Models},
  author={Faraway, Julian J.},
  year={2006},
  publisher={Chapman \& Hall/CRC},
  address={Boca Raton, FL},
  isbn={978-1-58488-424-8}
}

@online{longitudinal_data,
  title={Curso de datos longitudinales},
  author={Subirana, Isaac},
  url={https://bookdown.org/isubirana/longitudinal_data_analyses/},
  note={Acceso el 17 de enero de 2025}
}

@book{roback_legler,
  title={Beyond Multiple Linear Regression: Applied Generalized Linear Models and Multilevel Models in R},
  author={Roback, Paul and Legler, Julie},
  publisher={Chapman \& Hall/CRC},
  url={https://bookdown.org/roback/bookdown-BeyondMLR/},
  note={Acceso el 17 de enero de 2025}
}

@online{modelos_mixtos,
  title={Modelos mixtos con R},
  author={Hernández-Barrera, Francisco},
  url={https://fhernanb.github.io/libro_modelos_mixtos/},
  note={Acceso el 17 de enero de 2025}
}

